
@article{Weiss:2004:MRU:1007730.1007734,
 author = {Weiss, Gary M.},
 title = {Mining with Rarity: A Unifying Framework},
 journal = {SIGKDD Explor. Newsl.},
 issue_date = {June 2004},
 volume = {6},
 number = {1},
 month = jun,
 year = {2004},
 issn = {1931-0145},
 pages = {7--19},
 numpages = {13},
 url = {http://doi.acm.org/10.1145/1007730.1007734},
 doi = {10.1145/1007730.1007734},
 acmid = {1007734},
 publisher = {ACM},
 address = {New York, NY, USA},
 keywords = {class imbalance, cost-sensitive learning, inductive bias, rare cases, rare classes, sampling, small disjuncts},
} ,

@article{Chandola:2009:ADS:1541880.1541882,
 author = {Chandola, Varun and Banerjee, Arindam and Kumar, Vipin},
 title = {Anomaly Detection: A Survey},
 journal = {ACM Comput. Surv.},
 issue_date = {July 2009},
 volume = {41},
 number = {3},
 month = jul,
 year = {2009},
 issn = {0360-0300},
 pages = {15:1--15:58},
 articleno = {15},
 numpages = {58},
 url = {http://doi.acm.org/10.1145/1541880.1541882},
 doi = {10.1145/1541880.1541882},
 acmid = {1541882},
 publisher = {ACM},
 address = {New York, NY, USA},
 keywords = {Anomaly detection, outlier detection},
} 

@article{ crisp-guide,
    url = {http://lyle.smu.edu/~mhd/8331f03/crisp.pdf}
}

@article{ unlabled data,
    title = {A Geometric Framework for unsupervised anomaly detection},
    url = {http://www.cs.cmu.edu/~aarnold/cald/uad-dmsa02.pdf}
}


@article{Amer:2013:EOS:2500853.2500857,
 author = {Amer, Mennatallah and Goldstein, Markus and Abdennadher, Slim},
 title = {Enhancing One-class Support Vector Machines for Unsupervised Anomaly Detection},
 booktitle = {Proceedings of the ACM SIGKDD Workshop on Outlier Detection and Description},
 series = {ODD '13},
 year = {2013},
 isbn = {978-1-4503-2335-2},
 location = {Chicago, Illinois},
 pages = {8--15},
 numpages = {8},
 url = {http://doi.acm.org/10.1145/2500853.2500857},
 doi = {10.1145/2500853.2500857},
 acmid = {2500857},
 publisher = {ACM},
 address = {New York, NY, USA},
 keywords = {one-class SVM, outlier detection, outlier score, support vector machines, unsupervised anomaly detection},
} 


@INPROCEEDINGS{
Spence:2001:DSC:882464.882797,
 author = {Spence, Clay and Parra, Lucas and Sajda, Paul},
 title = {Detection, Synthesis and Compression in Mammographic Image Analysis with a Hierarchical Image Probability Model},
 booktitle = {Proceedings of the IEEE Workshop on Mathematical Methods in Biomedical Image Analysis (MMBIA'01)},
 series = {MMBIA '01},
 year = {2001},
 isbn = {0-7695-1336-0},
 pages = {3--},
 url = {http://dl.acm.org/citation.cfm?id=882464.882797},
 acmid = {882797},
 publisher = {IEEE Computer Society},
 address = {Washington, DC, USA},
} 

% Conditional
@article{Song:2007:CAD:1263134.1263354,
 author = {Song, Xiuyao and Wu, Mingxi and Jermaine, Christopher and Ranka, Sanjay},
 title = {Conditional Anomaly Detection},
 journal = {IEEE Trans. on Knowl. and Data Eng.},
 issue_date = {May 2007},
 volume = {19},
 number = {5},
 month = may,
 year = {2007},
 issn = {1041-4347},
 pages = {631--645},
 numpages = {15},
 url = {http://dx.doi.org/10.1109/TKDE.2007.1009},
 doi = {10.1109/TKDE.2007.1009},
 acmid = {1263354},
 publisher = {IEEE Educational Activities Department},
 address = {Piscataway, NJ, USA},
 keywords = {Data mining, Data mining, mining methods and algorithms., mining methods and algorithms.},
} 

@inproceedings{Warrender:1999,
    author = { Warrender, Forrest,Pearlmutter},
    title = {Detecting intrusion using system calls: alternative data models},
    booktitle = {In Proceedings of the IEEE Symposium on Security and Privacy},
    year = {1999}
}

% LabelingAnonymousData
@book{Ahmed:2012:LAD:2464721,
 author = {Ahmed, Emdad},
 title = {Labeling Anonymous Datasets: Post Processing Wrapper Generated Tables for Labeling Anonymous Datasets},
 year = {2012},
 isbn = {3659260568, 9783659260568},
 publisher = {LAP Lambert Academic Publishing},
 address = {Germany},
} 

%% Outlier Analysis Book
@book{Aggarwal:2013,
 author = {Charu C, Aggarwal},
 title = {Outlier Analysis},
 year = {2013},
 isbn = {978-1-4614-6395-5, 978-1-4614-6396-2},
 publisher = {Springer Science+Business Media New York},
} 

%SVM Review
@article{Chang:2011:LLS:1961189.1961199,
 author = {Chang, Chih-Chung and Lin, Chih-Jen},
 title = {LIBSVM: A Library for Support Vector Machines},
 journal = {ACM Trans. Intell. Syst. Technol.},
 issue_date = {April 2011},
 volume = {2},
 number = {3},
 month = may,
 year = {2011},
 issn = {2157-6904},
 pages = {27:1--27:27},
 articleno = {27},
 numpages = {27},
 url = {http://doi.acm.org/10.1145/1961189.1961199},
 doi = {10.1145/1961189.1961199},
 acmid = {1961199},
 publisher = {ACM},
 address = {New York, NY, USA},
 keywords = {Classification LIBSVM optimization regression support vector machines SVM},
} 

% Fast Algos for clustering
@article{Aggarwal:1999:FAP:304181.304188,
 author = {Aggarwal, Charu C. and Wolf, Joel L. and Yu, Philip S. and Procopiuc, Cecilia and Park, Jong Soo},
 title = {Fast Algorithms for Projected Clustering},
 journal = {SIGMOD Rec.},
 issue_date = {June 1999},
 volume = {28},
 number = {2},
 month = jun,
 year = {1999},
 issn = {0163-5808},
 pages = {61--72},
 numpages = {12},
 url = {http://doi.acm.org/10.1145/304181.304188},
 doi = {10.1145/304181.304188},
 acmid = {304188},
 publisher = {ACM},
 address = {New York, NY, USA},
} 

%Nearest neighbor in high dimensional space
@inproceedings{Hinneburg:2000:NNH:645926.671675,
 author = {Hinneburg, Alexander and Aggarwal, Charu C. and Keim, Daniel A.},
 title = {What Is the Nearest Neighbor in High Dimensional Spaces?},
 booktitle = {Proceedings of the 26th International Conference on Very Large Data Bases},
 series = {VLDB '00},
 year = {2000},
 isbn = {1-55860-715-3},
 pages = {506--515},
 numpages = {10},
 url = {http://dl.acm.org/citation.cfm?id=645926.671675},
 acmid = {671675},
 publisher = {Morgan Kaufmann Publishers Inc.},
 address = {San Francisco, CA, USA},
} 

% Sequence Matching for Suspicious Activity
@inproceedings{Liu:2008:SMS:1425519.1425528,
 author = {Liu, Xuan and Zhang, Pengzhu and Zeng, Dajun},
 title = {Sequence Matching for Suspicious Activity Detection in Anti-Money Laundering},
 booktitle = {Proceedings of the IEEE ISI 2008 PAISI, PACCF, and SOCO International Workshops on Intelligence and Security Informatics},
 series = {PAISI, PACCF and SOCO '08},
 year = {2008},
 isbn = {978-3-540-69136-5},
 location = {Taipei, Taiwan},
 pages = {50--61},
 numpages = {12},
 url = {http://dx.doi.org/10.1007/978-3-540-69304-8_6},
 doi = {10.1007/978-3-540-69304-8_6},
 acmid = {1425528},
 publisher = {Springer-Verlag},
 address = {Berlin, Heidelberg},
 keywords = {Anti-money laundering, Euclidean distance, SARs, sequence matching, suspicious activity detection},
} 

% Imbalanced Data Sets
@article{Chawla:2004:ESI:1007730.1007733,
 author = {Chawla, Nitesh V. and Japkowicz, Nathalie and Kotcz, Aleksander},
 title = {Editorial: Special Issue on Learning from Imbalanced Data Sets},
 journal = {SIGKDD Explor. Newsl.},
 issue_date = {June 2004},
 volume = {6},
 number = {1},
 month = jun,
 year = {2004},
 issn = {1931-0145},
 pages = {1--6},
 numpages = {6},
 url = {http://doi.acm.org/10.1145/1007730.1007733},
 doi = {10.1145/1007730.1007733},
 acmid = {1007733},
 publisher = {ACM},
 address = {New York, NY, USA},
} 



@book{Clapham:2013:LAD,
author = {Christopher Clapham, James Nicholson},
title = {The Concise Oxford Dictionary of Mathematics},
isbn = {9780191727122},
publisher = {Oxford University Press},
adress = {USA},
pages= {575:3}
}


% LabelingAnonymousData
@book{Ahmed:2012:LAD:2464721,
 author = {Ahmed, Emdad},
 title = {Labeling Anonymous Datasets: Post Processing Wrapper Generated Tables for Labeling Anonymous Datasets},
 year = {2012},
 isbn = {3659260568, 9783659260568},
 publisher = {LAP Lambert Academic Publishing},
 address = {Germany},
} 

% An introduction to roc analysis
@article{Fawcett:2006:IRA:1159473.1159475,
 author = {Fawcett, Tom},
 title = {An Introduction to ROC Analysis},
 journal = {Pattern Recogn. Lett.},
 issue_date = {June 2006},
 volume = {27},
 number = {8},
 month = jun,
 year = {2006},
 issn = {0167-8655},
 pages = {861--874},
 numpages = {14},
 url = {http://dx.doi.org/10.1016/j.patrec.2005.10.010},
 doi = {10.1016/j.patrec.2005.10.010},
 acmid = {1159475},
 publisher = {Elsevier Science Inc.},
 address = {New York, NY, USA},
 keywords = {Classifier evaluation, Evaluation metrics, ROC analysis},
} 


% Statistical books for anomaly detection
@book{Hawkins:1980,
 author = {D M Hawkins},
 title = {Identification of Outliers},
 year = {1980},
 isbn = {9789401539968, 9789401539944},
 publisher = Springer Netherlands},
 address = {Netherlands},
} 

@book{Barnett:1978,
  added-at = {2011-01-17T13:01:00.000+0100},
  author = {Barnett, V. and Lewis, T.},
  biburl = {http://www.bibsonomy.org/bibtex/2549007df938719bb1ee46df2d00011fd/hkayabilisim},
  edition = {2nd edition},
  interhash = {2cd37a4d82d120a8ef645225ba35e254},
  intrahash = {549007df938719bb1ee46df2d00011fd},
  keywords = {},
  publisher = {John Wiley \& Sons Ltd.},
  timestamp = {2011-01-17T13:01:00.000+0100},
  title = {Outliers in statistical data.},
  year = 1978
}


@article{Agyemang:2006:CSN:1609942.1609946,
 author = {Agyemang, Malik and Barker, Ken and Alhajj, Rada},
 title = {A Comprehensive Survey of Numeric and Symbolic Outlier Mining Techniques},
 journal = {Intell. Data Anal.},
 issue_date = {December 2006},
 volume = {10},
 number = {6},
 month = dec,
 year = {2006},
 issn = {1088-467X},
 pages = {521--538},
 numpages = {18},
 url = {http://dl.acm.org/citation.cfm?id=1609942.1609946},
 acmid = {1609946},
 publisher = {IOS Press},
 address = {Amsterdam, The Netherlands, The Netherlands},
 keywords = {Symbolic, depth-based, distance-based, distribution-based, exception patterns, interestingness, outliers, rule-based, taxonomy, unexpectedness, web-based},
} 


@article{Pimentel:2014:RRN:2588908.2589196,
 author = {Pimentel, Marco A. F. and Clifton, David A. and Clifton, Lei and Tarassenko, Lionel},
 title = {Review: A Review of Novelty Detection},
 journal = {Signal Process.},
 issue_date = {June, 2014},
 volume = {99},
 month = jun,
 year = {2014},
 issn = {0165-1684},
 pages = {215--249},
 numpages = {35},
 url = {http://dx.doi.org/10.1016/j.sigpro.2013.12.026},
 doi = {10.1016/j.sigpro.2013.12.026},
 acmid = {2589196},
 publisher = {Elsevier North-Holland, Inc.},
 address = {Amsterdam, The Netherlands, The Netherlands},
 keywords = {Machine learning, Novelty detection, One-class classification},
} 
[download]

@article{Ahmed:2015,
  title={A survey of anomaly detection techniques in financial domain},
  author={Ahmed, Mohiuddin and Mahmood, Abdun and Islam, Md. Rafiqul},
  journal={Future Generation Computer Systems},
  volume={55},
  pages={278--288},
  year={2015},
  publisher={Elsevier}
}


@article{Chandola:2012:ADD:2197072.2197116,
 author = {Chandola, Varun and Banerjee, Arindam and Kumar, Vipin},
 title = {Anomaly Detection for Discrete Sequences: A Survey},
 journal = {IEEE Trans. on Knowl. and Data Eng.},
 issue_date = {May 2012},
 volume = {24},
 number = {5},
 month = may,
 year = {2012},
 issn = {1041-4347},
 pages = {823--839},
 numpages = {17},
 url = {http://dx.doi.org/10.1109/TKDE.2010.235},
 doi = {10.1109/TKDE.2010.235},
 acmid = {2197116},
 publisher = {IEEE Educational Activities Department},
 address = {Piscataway, NJ, USA},
 keywords = {Discrete sequences, anomaly detection.},
} 











